@inproceedings{Lepigre2016,
  author    = {Rodolphe Lepigre},
  editor    = {Peter Thiemann},
  title     = {A Classical Realizability Model for a Semantical Value Restriction},
  booktitle = {Programming Languages and Systems - 25th European Symposium on Programming,
               {ESOP} 2016, Held as Part of the European Joint Conferences on Theory
               and Practice of Software, {ETAPS} 2016, Eindhoven, The Netherlands,
               April 2-8, 2016, Proceedings},
  series    = {Lecture Notes in Computer Science},
  volume    = {9632},
  pages     = {476--502},
  publisher = {Springer},
  year      = {2016},
  url       = {https://doi.org/10.1007/978-3-662-49498-1\_19},
  doi       = {10.1007/978-3-662-49498-1\_19},
  timestamp = {Fri, 19 May 2017 01:25:18 +0200},
  biburl    = {https://dblp.org/rec/bib/conf/esop/Lepigre16},
  bibsource = {dblp computer science bibliography, https://dblp.org}
}

@phdthesis{Lepigre2017PhD,
  author    = {Rodolphe Lepigre},
  title     = {Semantics and Implementation of an Extension of {ML} for Proving Programs.
               (S{\'{e}}mantique et Implantation d'une Extension de {ML} pour
               la Preuve de Programmes)},
  school    = {Grenoble Alpes University, France},
  year      = {2017},
  url       = {https://tel.archives-ouvertes.fr/tel-01590363}
}

@article{LepRaf2018a,
  author = {Lepigre, Rodolphe and Raffalli, Christophe},
  title = {Practical Subtyping for Curry-Style Languages},
  journal = {ACM Trans. Program. Lang. Syst.},
  issue_date = {March 2019},
  volume = {41},
  number = {1},
  month = feb,
  year = {2019},
  issn = {0164-0925},
  pages = {5:1--5:58},
  articleno = {5},
  numpages = {58},
  url = {http://doi.acm.org/10.1145/3285955},
  doi = {10.1145/3285955},
  acmid = {3285955},
  publisher = {ACM},
  address = {New York, NY, USA},
  keywords = {Curry-style quantifiers, Syntax-directed type system, choice
    operators, circular proofs, dot notation for abstract types, existential
    types, inductive and coinductive sized types, polymorphism, realizability
    semantics, reducibility candidates, size change principle, subtyping}
} 

@incollection{Parigot1992,
  author    = {Michel Parigot},
  title     = {$\lambda\mu$-calculus: An algorithmic interpretation of
               classical natural deduction},
  booktitle = {Lecture Notes in Computer Science},
  volume    = {624},
  pages     = {190--201},
  year      = {1992},
  publisher = {Springer}
}

@inproceedings{Moggi1989,
  author    = {Eugenio Moggi},
  title     = {Computational Lambda-Calculus and Monads},
  booktitle = {Proceedings of the Fourth Annual Symposium on Logic in Computer Science
               {(LICS} '89), Pacific Grove, California, USA, June 5-8, 1989},
  pages     = {14--23},
  publisher = {{IEEE} Computer Society},
  year      = {1989},
  url       = {https://doi.org/10.1109/LICS.1989.39155},
  doi       = {10.1109/LICS.1989.39155},
  timestamp = {Wed, 13 Feb 2019 11:42:19 +0100},
  biburl    = {https://dblp.org/rec/bib/conf/lics/Moggi89},
  bibsource = {dblp computer science bibliography, https://dblp.org}
}

@inproceedings{Flanagan1993,
  author    = {Cormac Flanagan and
               Amr Sabry and
               Bruce F. Duba and
               Matthias Felleisen},
  editor    = {Robert Cartwright},
  title     = {The Essence of Compiling with Continuations},
  booktitle = {Proceedings of the {ACM} SIGPLAN'93 Conference on Programming Language
               Design and Implementation (PLDI), Albuquerque, New Mexico, USA, June
               23-25, 1993},
  pages     = {237--247},
  publisher = {{ACM}},
  year      = {1993},
  url       = {https://doi.org/10.1145/155090.155113},
  doi       = {10.1145/155090.155113},
  timestamp = {Tue, 06 Nov 2018 16:59:30 +0100},
  biburl    = {https://dblp.org/rec/bib/conf/pldi/FlanaganSDF93},
  bibsource = {dblp computer science bibliography, https://dblp.org}
}

@inproceedings{Tarditi1996,
  author    = {David Tarditi and
               J. Gregory Morrisett and
               Perry Cheng and
               Christopher A. Stone and
               Robert Harper and
               Peter Lee},
  editor    = {Charles N. Fischer},
  title     = {{TIL:} {A} Type-Directed Optimizing Compiler for {ML}},
  booktitle = {Proceedings of the {ACM} SIGPLAN'96 Conference on Programming Language
               Design and Implementation (PLDI), Philadephia, Pennsylvania, USA,
               May 21-24, 1996},
  pages     = {181--192},
  publisher = {{ACM}},
  year      = {1996},
  url       = {https://doi.org/10.1145/231379.231414},
  doi       = {10.1145/231379.231414},
  timestamp = {Tue, 06 Nov 2018 16:59:30 +0100},
  biburl    = {https://dblp.org/rec/bib/conf/pldi/TarditiMCSHL96},
  bibsource = {dblp computer science bibliography, https://dblp.org}
}

@inproceedings{Chlipala2005,
  author    = {Adam Chlipala and
               Leaf Petersen and
               Robert Harper},
  editor    = {J. Gregory Morrisett and
               Manuel F{\"{a}}hndrich},
  title     = {Strict bidirectional type checking},
  booktitle = {Proceedings of TLDI'05: 2005 {ACM} {SIGPLAN} International Workshop
               on Types in Languages Design and Implementation, Long Beach, CA, USA,
               January 10, 2005},
  pages     = {71--78},
  publisher = {{ACM}},
  year      = {2005},
  url       = {https://doi.org/10.1145/1040294.1040301},
  doi       = {10.1145/1040294.1040301},
  timestamp = {Tue, 06 Nov 2018 16:58:22 +0100},
  biburl    = {https://dblp.org/rec/bib/conf/tldi/ChlipalaPH05},
  bibsource = {dblp computer science bibliography, https://dblp.org}
}
